<record><leader>00000cas a22000007a 4500</leader><controlfield tag="001">22756210</controlfield><controlfield tag="008">901129d18791885mnuwr ne      0    0eng d</controlfield><datafield ind1=" " ind2=" " tag="010"><subfield code="a">sn 90060651 </subfield></datafield><datafield ind1=" " ind2=" " tag="040"><subfield code="a">MN#</subfield><subfield code="b">eng</subfield><subfield code="c">MN#</subfield><subfield code="d">OCLCQ</subfield><subfield code="d">OCLCF</subfield><subfield code="d">OCLCO</subfield></datafield><datafield ind1="1" ind2=" " tag="029"><subfield code="a">AU@</subfield><subfield code="b">000025909331</subfield></datafield><datafield ind1=" " ind2=" " tag="042"><subfield code="a">msc</subfield></datafield><datafield ind1=" " ind2=" " tag="043"><subfield code="a">n-us-mn</subfield></datafield><datafield ind1=" " ind2=" " tag="052"><subfield code="a">4144</subfield><subfield code="b">M4</subfield></datafield><datafield ind1=" " ind2=" " tag="052"><subfield code="a">4143</subfield><subfield code="b">L9</subfield></datafield><datafield ind1="0" ind2=" " tag="130"><subfield code="a">Lyon County news (Marshall, Minn.)</subfield></datafield><datafield ind1="1" ind2="0" tag="245"><subfield code="a">Lyon County news.</subfield></datafield><datafield ind1=" " ind2=" " tag="260"><subfield code="a">Marshall, Minn. :</subfield><subfield code="b">Wm. Todd and Geo. A. Edes,</subfield><subfield code="c">1879-1885.</subfield></datafield><datafield ind1=" " ind2=" " tag="300"><subfield code="a">6 v.</subfield></datafield><datafield ind1=" " ind2=" " tag="310"><subfield code="a">Weekly</subfield></datafield><datafield ind1="0" ind2=" " tag="362"><subfield code="a">Vol. 1, no. 1 (May 28, 1879)-v. 6, no. 34 (Jan. 9, 1885).</subfield></datafield><datafield ind1=" " ind2=" " tag="530"><subfield code="a">Available on microfilm from the Minnesota Historical Society.</subfield></datafield><datafield ind1=" " ind2="0" tag="651"><subfield code="a">Marshall (Minn.)</subfield><subfield code="v">Newspapers.</subfield></datafield><datafield ind1=" " ind2="7" tag="655"><subfield code="a">Newspapers.</subfield><subfield code="2">fast</subfield><subfield code="0">(OCoLC)fst01423814</subfield></datafield><datafield ind1=" " ind2="7" tag="651"><subfield code="a">Minnesota</subfield><subfield code="z">Marshall.</subfield><subfield code="2">fast</subfield><subfield code="0">(OCoLC)fst01220177</subfield></datafield><datafield ind1=" " ind2=" " tag="752"><subfield code="a">United States</subfield><subfield code="b">Minnesota</subfield><subfield code="c">Lyon</subfield><subfield code="d">Marshall.</subfield></datafield><datafield ind1="0" ind2="7" tag="785"><subfield code="t">Marshall messenger (Marshall, Minn. : 1875)</subfield><subfield code="w">(DLC)sn 85025517</subfield></datafield><datafield ind1="0" ind2="7" tag="785"><subfield code="t">News messenger of Lyon County</subfield><subfield code="w">(DLC)sn 90060652</subfield></datafield></record>